<?xml version="1.0" encoding="UTF-8"?><collection xmlns="http://www.loc.gov/MARC21/slim"><record><leader>00419nam--2200133-i-4500</leader><controlfield tag="001">000040474</controlfield><controlfield tag="002">20161230</controlfield><controlfield tag="005">20161230201042</controlfield><controlfield tag="008">060222s1000------------r-----000-0-eng-d</controlfield><datafield ind1=" " ind2=" " tag="080"><subfield code="a">621.039.548(043):546.799.4(043)</subfield></datafield><datafield ind1=" " ind2=" " tag="100"><subfield code="a">Schachter,L</subfield></datafield><datafield ind1=" " ind2=" " tag="245"><subfield code="a">Contributii la studiul determinarii experimentale a plutoniului in comustibilul nuclear iradiat. teza</subfield></datafield><datafield ind1=" " ind2=" " tag="260"><subfield code="a">Bucuresti, Ifa, 1975. 113 P. + 43 Fig</subfield></datafield><datafield ind1=" " ind2=" " tag="852"><subfield code="a">31649</subfield></datafield></record></collection>